@misc{cryptostick,
 author = {Crypto Stick Team},
 title = {{Crypto Stick Project}},
 howpublished = {\url{https://www.crypto-stick.com}},
}

@misc{cryptostick-wiki,
 author = {Crypto Stick Team},
 title = {{Crypto Stick Wiki}},
 howpublished = {\url{https://www.assembla.com/spaces/cryptostick/wiki}},
}

@misc{fst01,
 author = {FST-01 Team},
 title = {{FST-01 Project}},
 howpublished = {\url{http://www.seeedstudio.com/wiki/FST-01}},
}

@misc{globalplatform,
 author = {Global Platform Consortium, The},
 title = {{Global Platform: The Standard for Managing Applications on Secure Chip technology}},
 howpublished = {\url{http://www.globalplatform.org/membership.asp}},
}

@misc{gnuk,
 author = {FSIJ},
 title = {{Gnuk}},
 howpublished = {\url{http://www.fsij.org/gnuk}},
}

@misc{gnupg,
author = {Koch, Werner and GNU Project, The},
title = "GnuPG",
howpublished = {\url{http://www.gnupg.org/}}
}

@misc{javacard,
 author = {Oracle},
 title = {{Java Card Technology}},
 howpublished = {\url{http://www.oracle.com/technetwork/java/javame/javacard/overview/getstarted/index.html}},
}

@misc{matt-openpgp,
 author = {Monaco, Matthew},
 title = {{OpenPGP Introduction, Tutorial, and Howto}},
 howpublished = {\url{https://csel.cs.colorado.edu/openpgp}},
}

@misc{openpgp,
author = {OpenPGP Alliance, The},
title = "OpenPGP",
howpublished = {\url{http://www.openpgp.org/}}
}

@misc{openpgpcard,
 author = {g10 Code},
 title = {{The OpenPGP Card}},
 howpublished = {\url{http://www.g10code.de/p-card.html}},
}

@misc{openpgpcard-doc-1.1,
 author = {Pietig, Achim},
 title = {{Functional Specification of the OpenPGP application on ISO Smart Card Operating Systems: Version 1.1}},
 howpublished = {\url{http://www.g10code.de/docs/openpgp-card-1.1.pdf}},
}

@misc{openpgpcard-doc-2.0,
 author = {Pietig, Achim},
 title = {{Functional Specification of the OpenPGP application on ISO Smart Card Operating Systems: Version 2.0}},
 howpublished = {\url{http://www.g10code.de/docs/openpgp-card-2.0.pdf}},
}

@misc{rfc4880,
 author = {J. Callas and L. Donnerhacke and H. Finney and D. Shaw and R. Thayer},
 title = {{RFC4880: OpenPGP Message Format}},
 howpublished = {\url{http://tools.ietf.org/html/rfc4880}},
}

@misc{yubikeyneo-openpgp-blog,
 author = {Yubico Team},
 title = {{YubiKey NEO and OpenPGP}},
 howpublished = {\url{http://www.yubico.com/2012/12/yubikey-neo-openpgp}},
}

@misc{yubikeyneo-openpgp-repo,
 author = {Yubico Team},
 title = {{YubiKey NEO OpenPGP App}},
 howpublished = {\url{https://github.com/Yubico/ykneo-openpgp}},
}
