@misc{rfc4880,
 author = {J. Callas and L. Donnerhacke and H. Finney and D. Shaw and R. Thayer},
 title = {RFC4880: OpenPGP Message Format},
 howpublished = {\url{http://tools.ietf.org/html/rfc4880}},
}
